<record><leader>00000cas a22000007a 4500</leader><controlfield tag="001">9400641</controlfield><controlfield tag="008">830412d19831984tnuwr ne      0   a0eng d</controlfield><datafield ind1=" " ind2=" " tag="010"><subfield code="a">sn 83007414 </subfield></datafield><datafield ind1=" " ind2=" " tag="040"><subfield code="a">NSD</subfield><subfield code="b">eng</subfield><subfield code="c">NSD</subfield><subfield code="d">KNP</subfield><subfield code="d">NLG</subfield><subfield code="d">KNP</subfield><subfield code="d">TGN</subfield><subfield code="d">OCLCQ</subfield><subfield code="d">OCLCF</subfield><subfield code="d">OCLCO</subfield></datafield><datafield ind1=" " ind2=" " tag="012"><subfield code="j">2</subfield><subfield code="m">d</subfield></datafield><datafield ind1="1" ind2=" " tag="022"><subfield code="a">0745-7235</subfield><subfield code="l">0745-7235</subfield><subfield code="2">1</subfield></datafield><datafield ind1="1" ind2=" " tag="029"><subfield code="a">AU@</subfield><subfield code="b">000020263857</subfield></datafield><datafield ind1=" " ind2=" " tag="032"><subfield code="a">437420</subfield><subfield code="b">USPS</subfield></datafield><datafield ind1=" " ind2=" " tag="042"><subfield code="a">nsdp</subfield><subfield code="a">msc</subfield></datafield><datafield ind1=" " ind2=" " tag="043"><subfield code="a">n-us-tn</subfield></datafield><datafield ind1=" " ind2="4" tag="222"><subfield code="a">The Polk County news and the Charleston-Calhoun record</subfield></datafield><datafield ind1="0" ind2="4" tag="245"><subfield code="a">The Polk County news and the Charleston-Calhoun record.</subfield></datafield><datafield ind1="3" ind2="0" tag="246"><subfield code="a">Polk County news</subfield></datafield><datafield ind1="3" ind2="0" tag="246"><subfield code="a">Charleston-Calhoun record</subfield></datafield><datafield ind1=" " ind2=" " tag="260"><subfield code="a">Benton, Tenn. :</subfield><subfield code="b">David James,</subfield><subfield code="c">1983-1984.</subfield></datafield><datafield ind1=" " ind2=" " tag="310"><subfield code="a">Weekly</subfield></datafield><datafield ind1="0" ind2=" " tag="362"><subfield code="a">100th year, no. 13 (Mar. 24, 1983)-v. 101, no. 39 (Sept. 19, 1984).</subfield></datafield><datafield ind1=" " ind2=" " tag="500"><subfield code="a">Newspaper's 100th year anniversary edition: 100th year, no. 35 (Aug. 25, 1983).</subfield></datafield><datafield ind1=" " ind2=" " tag="580"><subfield code="a">Formed by the union of: Polk County news (Benton, Tenn. : 1917), and: Charleston Calhoun record.</subfield></datafield><datafield ind1=" " ind2="0" tag="651"><subfield code="a">Benton (Tenn.)</subfield><subfield code="v">Newspapers.</subfield></datafield><datafield ind1=" " ind2="0" tag="651"><subfield code="a">Polk County (Tenn.)</subfield><subfield code="v">Newspapers.</subfield></datafield><datafield ind1=" " ind2="7" tag="655"><subfield code="a">Newspapers.</subfield><subfield code="2">fast</subfield><subfield code="0">(OCoLC)fst01423814</subfield></datafield><datafield ind1=" " ind2="7" tag="651"><subfield code="a">Tennessee</subfield><subfield code="z">Benton.</subfield><subfield code="2">fast</subfield><subfield code="0">(OCoLC)fst01276849</subfield></datafield><datafield ind1=" " ind2="7" tag="651"><subfield code="a">Tennessee</subfield><subfield code="z">Polk County.</subfield><subfield code="2">fast</subfield><subfield code="0">(OCoLC)fst01213497</subfield></datafield><datafield ind1=" " ind2=" " tag="752"><subfield code="a">United States</subfield><subfield code="b">Tennessee</subfield><subfield code="c">Polk</subfield><subfield code="d">Benton.</subfield></datafield><datafield ind1="1" ind2="4" tag="780"><subfield code="t">Polk County news (Benton, Tenn. : 1917)</subfield><subfield code="w">(DLC)sn 86071278</subfield></datafield><datafield ind1="1" ind2="4" tag="780"><subfield code="t">Charleston Calhoun record</subfield><subfield code="w">(DLC)sn 98069903</subfield></datafield><datafield ind1="0" ind2="0" tag="785"><subfield code="t">Polk County news (Benton, Tenn. : 1984)</subfield><subfield code="w">(DLC)sn 98069911</subfield></datafield></record>